Plačiau apie šaltinių tipus ir jų atributus:
http://mirror.datacenter.by/pub/mirrors/CTAN/macros/latex/contrib/biblatex/doc/biblatex.pdf#subsection.2.1

@article{SaltPirmas,
  author = {Amir, Seyed Danesh and Mahmoud, Reza Saybani and Seyed, Yahya Seyed Danesh},
  month = {09},
  pages = {8050-8056},
  title = {Software release management challenges in industry: An exploratory study},
  doi = {10.5897/ajbm10.1098},
  volume = {5},
  year = {2013},
  journal = {African Journal of Business Management}
}

@misc{SaltAntras,
  author = {Irwin, Eric},
  month = {09},
  title = {Improving Developer Experience with Ephemeral Environments},
  url = {https://medium.com/@eric.irwin/improving-developer-experience-with-ephemeral-environments-7f0f7fb1ff1a},
  urldate = {2023-01-15},
  year = {2021},
  organization = {Medium}
}


@book{SaltTrecias,
  author = {Gonzalez, David},
  publisher = {Packt Publishing},
  title = {Implementing modern DevOps : enabling IT organizations to deliver faster and smarter},
  year = {2017}
}

@inbook{SaltKetvirtas,
  author = {Petersen, Kai and Wohlin, Claes and Baca, Dejan},
  pages = {386-400},
  publisher = {Springer, Berlin, Heidelberg},
  title = {The Waterfall Model in Large-Scale Development},
  doi = {10.1007/978-3-642-02152-7_29},
  url = {http://www.diva-portal.org/smash/get/diva2:835760/FULLTEXT02.pdf},
  year = {2009},
  organization = {Lecture Notes in Business Information Processing},
  series = {Lecture Notes in Business Information Processing}
}

@misc{SaltPenktas,
  author = {Adenowo, Adetokunbo and Adenowo, Basirat A},
  title = {Software Engineering Methodologies: A Review of the Waterfall Model and Object- Oriented Approach},
  url = {https://www.researchgate.net/publication/344194737_Software_Engineering_Methodologies_A_Review_of_the_Waterfall_Model_and_Object-_Oriented_Approach},
  year = {2020},
  organization = {ResearchGate}
}

@book{SaltSestas,
  author = {Poppendieck, Mary and Thomas David Poppendieck},
  publisher = {Addison-Wesley},
  title = {Lean software development : an agile toolkit},
  year = {2003}
}

@article{SaltSeptintas,
  author = {Leppanen, Marko and Makinen, Simo and Pagels, Max and Eloranta, Veli-Pekka and Itkonen, Juha and Mantyla, Mika V. and Mannisto, Tomi},
  month = {03},
  pages = {64-72},
  title = {The highways and country roads to continuous deployment},
  doi = {10.1109/ms.2015.50},
  urldate = {2020-06-26},
  volume = {32},
  year = {2015},
  journal = {IEEE Software}
}


@misc{SaltAstuntas,
  title = {Stack Overflow Developer Survey 2022},
  url = {https://survey.stackoverflow.co/2022},
  year = {2022},
  author = {Stack Overflow},
  organization = {Stack Overflow}
}

@article{SaltDevintas,
  author = {Miyashita, Yutsuki and Yamada, Yuki and Hashiura, Hiroaki and Hazeyama, A.},
  title = {Design of the Inspection Process Using the GitHub Flow in Project Based Learning for Software Engineering and Its Practice},
  url = {https://www.semanticscholar.org/paper/Design-of-the-Inspection-Process-Using-the-GitHub-Miyashita-Yamada/9f7169bbd6ad79d6f56758a5635b355562d0c11a},
  urldate = {2023-01-15},
  year = {2020},
  journal = {ArXiv}
}

@misc{SaltDesimtas,
  title = {What is GitLab Flow?},
  url = {https://about.gitlab.com/topics/version-control/what-is-gitlab-flow},
  urldate = {2023-01-15},
  author = {GitLab},
  organization = {GitLab}
}

@misc{SaltVienuoliktas,
  title = {The Definitive Guide to Preview Environments},
  url = {https://www.uffizzi.com/preview-environments-guide},
  urldate = {2023-01-15},
  author = {uffizzi.com},
  organization = {uffizzi.com}
}

@misc{SaltDvyliktas,
  title = {Case study: 64\% increase in release frequency},
  url = {https://www.uffizzi.com/preview-environments-guide/case-study-uffizzi},
  urldate = {2023-01-15},
  year = {2022},
  author = {uffizzi.com},
  organization = {uffizzi.com}
}

@misc{SaltTryliktas,
  title = {Innovate Quickly with
Ephemeral Pre-production
Environments},
  url = {https://roost.ai/hubfs/PDF\%20documents/Ebook-Innovate-Quickly-with-Ephemeral\%20Environments-0722.pdf},
  urldate = {2023-01-15},
  author = {roost.ai},
  organization = {roost.ai}
}

@misc{SaltKeturioliktas,
  title = {What is Uffizzi? - Uffizzi Docs},
  url = {https://docs.uffizzi.com},
  urldate = {2023-01-15},
  author = {uffizzi.com},
  organization = {uffizzi.com}
}